% This file was created with JabRef 2.7.2.
% Encoding: MacRoman

@BOOK{Anderson2010,
  title = {Security Engineering: A guide to building dependable distributed
	systems},
  publisher = {Wiley},
  year = {2010},
  author = {Anderson, R.J.},
  pages = {1040 pp.},
  __markedentry = {[yaya:1]},
  owner = {yaya},
  timestamp = {2012.05.04}
}

@ARTICLE{PDB2,
  author = {H. M. Berman and J. Westbrook and Z. Feng and G. Gilliland and T.
	N. Bhat and H. Weissig and I. N. Shindyalov and P. E. Bourne},
  title = {{The Protein Data Bank}},
  journal = {Nucleic Acids Res.},
  year = {2000},
  volume = {28},
  pages = {235 -- 242},
  __markedentry = {[yaya:2]},
  owner = {yaya},
  timestamp = {2009.09.04}
}

@INPROCEEDINGS{Bernstein2011,
  author = {D. Bernstein and N. Duif and T. Lange and P. Schwabe and B. Y. Yang},
  title = {High-speed high-security signatures},
  booktitle = {{Cryptographic Hardware and Embedded Systems--CHES 2011}},
  year = {2011},
  pages = {124 -- 142},
  publisher = {Springer},
  __markedentry = {[yaya:1]},
  journal = {Cryptographic Hardware and Embedded Systems--CHES 2011},
  owner = {yaya},
  timestamp = {2012.05.23}
}

@ARTICLE{Bernstein2011a,
  author = {Bernstein, D.J. and Lange, T. and Schwabe, P.},
  title = {The security impact of a new cryptographic library},
  journal = {preprint},
  year = {2011},
  note = {\url{http://eprint.iacr.org/2011/646}},
  owner = {yaya},
  timestamp = {2012.05.23}
}

@MISC{Bernstein2004,
  author = {Daniel J. Bernstein},
  title = {Document IDs},
  year = {2004},
  note = {\url{http://cr.yp.to/bib/documentid.html}},
  owner = {yaya},
  timestamp = {2012.05.23}
}

@MISC{Bernstein2012,
  author = {Frances C. Bernstein},
  note = {private communication},
  __markedentry = {[yaya:1]},
  owner = {yaya},
  timestamp = {2012.04.15}
}

@ARTICLE{PDB1,
  author = {F. C. Bernstein and T. F. Koetzle and G. J. B. Williams and E. F.
	{Meyer, Jr.} and M. D. Brice and J. R. Rodgers and O. Kennard and
	T. Shimanouchi and M. Tasumi},
  title = {The Protein Data Bank: a computer-based archival file for macromolecular
	structures},
  journal = {J. Mol. Biol.},
  year = {1977},
  volume = {112},
  pages = {535 -- 542},
  __markedentry = {[yaya:2]},
  owner = {yaya},
  timestamp = {2009.09.04}
}

@ARTICLE{Bernstein2000,
  author = {H. J. Bernstein},
  title = {{Recent changes to RasMol, recombining the variants}},
  journal = {Trends Biochem. Sci.},
  year = {2000},
  volume = {25},
  pages = {453 -- 455},
  month = {September},
  __markedentry = {[yaya]},
  owner = {yaya},
  timestamp = {2009.09.04}
}

@INPROCEEDINGS{Bernstein2008,
  author = {H. J. Bernstein and I. Awuah Asiamah and G. Darakev and N. Darakev
	and J. Jemilawon and N. Jia and P. Kamburov and G. McQuillan and
	G. Todorov},
  title = {{{SAXS}, {Lee-Richards} surfaces and a simplified command set for
	maps}},
  booktitle = {ACA 2008, American Crystallographic Association Meeting, 31 May --
	5 June 2008, Knoxville, TN.},
  year = {2008},
  owner = {yaya},
  timestamp = {2012.06.15}
}

@INCOLLECTION{imgCIF,
  author = {H. J. Bernstein and A. P. Hammersley},
  title = {{Specification of the Crystallographic Binary File (CBF/imgCIF)}},
  booktitle = {International Tables For Crystallography},
  publisher = {International Union of Crystallography, Springer, Dordrecht, NL},
  year = {2005},
  editor = {S. R. Hall and B. McMahon},
  volume = { G: Definition and Exchange of Crystallographic Data},
  chapter = {2.3},
  pages = {37 -- 43},
  __markedentry = {[yaya:2]},
  owner = {yaya},
  timestamp = {2012.04.14}
}

@TECHREPORT{Clark2004,
  author = {Clark, D. and Braden, R. and Sollins, K. and Wroclawski, J. and Katabi,
	D.},
  title = {New Arch: future generation internet architecture},
  institution = {DTIC Document},
  year = {2004},
  __markedentry = {[yaya:1]},
  owner = {yaya},
  timestamp = {2012.04.14}
}

@INBOOK{Codd1972,
  chapter = {Further Normalization of the
	
	Data Base Relational Model},
  pages = {33 -- 64},
  title = {Courant Computer Science Symposium 6},
  publisher = {Prentice-Hall, 1972},
  year = {1972},
  author = {E. F. Codd},
  __markedentry = {[yaya:1]},
  owner = {yaya},
  timestamp = {2012.04.16}
}

@ARTICLE{Codd1970,
  author = {E. F. Codd},
  title = {A relational model of data for large shared data banks},
  journal = {Communications of the ACM},
  year = {1970},
  volume = {13},
  pages = {377 -- 387},
  number = {6},
  __markedentry = {[yaya:1]},
  owner = {yaya},
  publisher = {ACM},
  timestamp = {2012.04.16}
}

@INPROCEEDINGS{Darakev2007,
  author = {G. Darakev and H. J. Bernstein},
  title = {Achieving portability for synchrotron images using NeXus and XML},
  booktitle = {9th International Conference on Biology and Synchrotron Radiation
	
	(BSR 2007), 13-17 August 2007, Manchester, UK},
  year = {2007},
  owner = {yaya},
  timestamp = {2012.06.15}
}

@ARTICLE{Dauter2010,
  author = {Dauter, Z. and Baker, E. N.},
  title = {{Editorial: Black sheep among the flock of protein structures}},
  journal = {Acta Cryst.},
  year = {2010},
  volume = {D66},
  pages = {1},
  number = {1},
  __markedentry = {[yaya:1]},
  owner = {yaya},
  timestamp = {2012.04.15}
}

@ARTICLE{Dougherty2009,
  author = {Matthew T. Dougherty and Michael J. Folk and Herbert J. Bernstein
	and Frances C. Bernstein and Kevin W. Eliceiri and Werner Benger
	and Erez Zadok and Christoph Best},
  title = {Unifying Biological Image Formats with {HDF5}},
  journal = {Communications of the ACM},
  year = {2009},
  volume = {52},
  pages = {42 -- 47},
  number = {10},
  __markedentry = {[yaya:1]},
  address = {New York, NY, USA},
  doi = {http://doi.acm.org/10.1145/1562764.1562781},
  issn = {0001-0782},
  mon = {#oct#},
  owner = {yaya},
  publisher = {ACM},
  timestamp = {2012.04.14}
}

@ARTICLE{Dougherty2009a,
  author = {Dougherty, Matthew T. and Folk, Michael J. and Zadok, Erez and Bernstein,
	Herbert J. and Bernstein, Frances C. and Eliceiri, Kevin W. and Benger,
	Werner and Best, Christoph},
  title = {Unifying Biological Image Formats with {HDF5}},
  journal = {Queue},
  year = {2009},
  volume = {7},
  pages = {20--25},
  number = {9},
  __markedentry = {[yaya:1]},
  address = {New York, NY, USA},
  doi = {http://doi.acm.org/10.1145/1626135.1628215},
  issn = {1542-7730},
  owner = {yaya},
  publisher = {ACM},
  timestamp = {2012.04.14},
  url = {http://queue.acm.org/detail.cfm?id=1628215}
}

@MISC{Eastlake2011,
  author = {Eastlake, 3rd, D. and Huawei and T. Hansen},
  title = {RFC 6234: US Secure Hash Algorithms (SHA and SHA-based HMAC and HKDF),
	May 2011},
  year = {2011},
  note = {\url{http://www.ietf.org/rfc/rfc6234.txt}},
  __markedentry = {[yaya:1]},
  journal = {Internet Engineering Task Force (IETF) Request for Comments},
  owner = {yaya},
  timestamp = {2012.05.04}
}

@MISC{Eastlake2001,
  author = {Eastlake, 3rd, D. and P. Jones},
  title = {RFC 3174: US Secure Hash Algorithm 1 (SHA1), September 2001},
  year = {2001},
  note = {\url{http://www.ietf.org/rfc/rfc3174.txt}},
  __markedentry = {[yaya:1]},
  journal = {Internet Engineering Task Force (IETF) Request for Comments},
  owner = {yaya},
  timestamp = {2012.05.04}
}

@INBOOK{CBFlib2005,
  chapter = {{CBFlib: an ANSI C library for manipulating image data}},
  pages = {544 -- 556},
  title = {{Definition and Exchange of Crystallographic Data, International
	Tables For Crystallography}},
  publisher = {International Union of Crystallography, Springer, Dordrecht, NL},
  year = {2005},
  author = {P. J. Ellis and H. J. Bernstein},
  __markedentry = {[yaya:2]},
  owner = {yaya},
  timestamp = {2010.05.29}
}

@ARTICLE{Ferrer1998,
  author = {Ferrer, J.L. and Roth, M. and Antoniadis, A.},
  title = {Data compression for diffraction patterns},
  journal = {Acta Crystallographica Section D: Biological Crystallography},
  year = {1998},
  volume = {54},
  pages = {184--199},
  number = {2},
  __markedentry = {[yaya:1]},
  owner = {yaya},
  publisher = {International Union of Crystallography},
  timestamp = {2012.04.15}
}

@INPROCEEDINGS{Filges2001,
  author = {Uwe Filges},
  title = {The new {NeXus} API based on HDF5},
  booktitle = {VITESS Workshop Berlin, 25 -- 27 June 2001},
  year = {2001},
  __markedentry = {[yaya:1]},
  owner = {yaya},
  timestamp = {2012.04.16}
}

@INPROCEEDINGS{Folk1999,
  author = {Folk, M. and McGrath, R.E. and Yeager, N.},
  title = {HDF: an update and future directions},
  booktitle = {Geoscience and Remote Sensing Symposium, 1999. IGARSS'99 Proceedings.
	IEEE 1999 International},
  year = {1999},
  volume = {1},
  pages = {273--275},
  organization = {IEEE},
  __markedentry = {[yaya:1]},
  owner = {yaya},
  timestamp = {2012.04.14}
}

@ARTICLE{Fortner1998,
  author = {Fortner, B.},
  title = {{HDF}: The hierarchical data format},
  journal = {Dr. Dobb's J. Software Tools Prof. Program.},
  year = {1998},
  volume = {23},
  pages = {42},
  number = {5},
  __markedentry = {[yaya:1]},
  owner = {yaya},
  timestamp = {2012.04.14}
}

@MISC{Goldstein2011,
  author = {S. J. Goldstein and C. Hillegas},
  title = {DataSpace: A Funding Model for the Preservation and Sharing of Research
	Data.},
  howpublished = {Workshop on Research Data Lifecycle Management (RDLM 2011), July
	18-20, 2011, Princeton University, Princeton, NJ},
  month = {July},
  year = {2011},
  note = {\url{http://www.columbia.edu/~rb2568/rdlm/Goldstein_Princeton_RDLM2011.pdf}},
  __markedentry = {[yaya:1]},
  owner = {yaya},
  timestamp = {2012.04.11}
}

@ARTICLE{Goth2012,
  author = {Gregory Goth},
  title = {Preserving Digital Data},
  journal = {Communications of the ACM},
  year = {2012},
  volume = {55},
  pages = {11 -- 12},
  number = {4},
  __markedentry = {[yaya:1]},
  owner = {yaya},
  timestamp = {2012.04.11}
}

@MISC{Gotz2010,
  author = {A. G{\"o}tz and VA. Sol{\'e} and C. Madonna and A. F. Maydew},
  title = {ELISA Ð VEDAC Workshop Report, Workshop Title: HDF5 as hyperspectral
	data exchange and analysis format, Grenoble, January 11th to January
	13th, 2010.},
  month = {January},
  year = {2010},
  note = {\url{http://vedac.esrf.eu/public-discussions/hdf5-workshop/workshop-report}},
  __markedentry = {[yaya:1]},
  owner = {yaya},
  timestamp = {2012.04.16}
}

@ARTICLE{Hall1991,
  author = {S. R. Hall and F. H. Allen and I. D. Brown},
  title = {{The Crystallographic Information File (CIF): a new standard archive
	file for crystallography}},
  journal = {Acta Crystallographica Section A: Foundations of Crystallography},
  year = {1991},
  volume = {47},
  pages = {655 -- 685},
  number = {6},
  __markedentry = {[yaya:2]},
  owner = {yaya},
  publisher = {International Union of Crystallography},
  timestamp = {2012.04.14}
}

@INBOOK{CIF,
  chapter = {Genesis of the Crystallographic Information File},
  title = {{Definition and Exchange of Crystallographic Data, International
	Tables For Crystallography}},
  publisher = {Springer, Dordrecht},
  year = {2005},
  author = {S. R. Hall and B. McMahon},
  volume = {G},
  __markedentry = {[yaya:2]},
  owner = {yaya},
  timestamp = {2012.04.14}
}

@INPROCEEDINGS{Hamlin2012,
  author = {Ron Hamlin and Tom Hontz and Chris Nielsen},
  title = {The New Dual Mode Pixel Array Detector},
  booktitle = {Meeting of the American Crystallographic Association, Boston, MA,
	28 July -- 1 August 2012},
  year = {2012},
  organization = {American Crytallographic Association},
  note = {Abstract 11.01.1151, to appear},
  __markedentry = {[yaya:1]},
  owner = {yaya},
  timestamp = {2012.04.15}
}

@MISC{Helliwell2012,
  author = {John Helliwell},
  title = {Re: very informative - Trends in Data Fabrication},
  howpublished = {CCP4BB Archives},
  month = {April},
  year = {2012},
  note = {\url{https://www.jiscmail.ac.uk/cgi-bin/webadmin?A2=ind1204&L=ccp4bb&F=&S=&P=122036}},
  __markedentry = {[yaya:1]},
  owner = {yaya},
  timestamp = {2012.04.11}
}

@TECHREPORT{Hendrickson2012,
  author = {Wayne A. Hendrickson},
  title = {NSLS-II - Status of the Life Sciences Program},
  institution = {Brookhaven National Laboratory, X6A Science Advisory Committee},
  year = {2012},
  month = {February},
  note = {\url{protein.nsls.bnl.gov/mediawiki/images/e/e3/Hendrickson_2012.pdf}},
  __markedentry = {[yaya:1]},
  owner = {yaya},
  timestamp = {2012.04.14}
}

@MISC{Holton2011,
  author = {James Holton},
  title = {Image Compression},
  howpublished = {CCP4BB Archives},
  month = {November},
  year = {2011},
  note = {\url{https://www.jiscmail.ac.uk/cgi-bin/webadmin?A2=ind1111&L=ccp4bb&F=&S=&P=71742}},
  __markedentry = {[yaya:1]},
  owner = {yaya},
  timestamp = {2012.04.15}
}

@INPROCEEDINGS{Jemilawon2007,
  author = {J. Jemilawon and I. Awuah Asiamah and H. J. Bernstein and G. Darakev
	and N. Darakev and P. Kamburov},
  title = {Use of CBFlib for Map Support},
  booktitle = {9th International Conference on Biology and Synchrotron Radiation
	
	(BSR 2007), 13-17 August 2007, Manchester, UK},
  year = {2007},
  owner = {yaya},
  timestamp = {2012.06.15}
}

@ARTICLE{Johnson2012,
  author = {Johnson, I and Bergamaschi, A and Buitenhuis, J and Dinapoli, R and
	Greiffenberg, D and Henrich, B and Ikonen, T and Meier, G and Menzel,
	A and Mozzanica, A and others},
  title = {Capturing dynamics with Eiger, a fast-framing X-ray detector},
  journal = {Journal of synchrotron radiation},
  year = {2012},
  volume = {19},
  pages = {0--0},
  number = {6},
  owner = {yaya},
  publisher = {International Union of Crystallography},
  timestamp = {2013.06.30}
}

@ARTICLE{NeXus,
  author = {P. Klosowski and M. Koennecke and J. Z. Tischler and R. Osborn},
  title = {{NeXus: A common format for the exchange of neutron and synchrotron
	data}},
  journal = {Physica B: Physics of Condensed Matter},
  year = {1998},
  volume = {241},
  pages = {151 -- 153},
  number = {1-4},
  __markedentry = {[yaya:2]},
  owner = {yaya},
  timestamp = {2012.04.14}
}

@ARTICLE{Langston2004,
  author = {Langston, M. and Tyler, J.},
  title = {Linking to journal articles in an online teaching environment: The
	persistent link, DOI, and OpenURL},
  journal = {The Internet and higher education},
  year = {2004},
  volume = {7},
  pages = {51--58},
  number = {1},
  __markedentry = {[yaya:1]},
  owner = {yaya},
  publisher = {Elsevier},
  timestamp = {2012.04.14}
}

@INPROCEEDINGS{Mitev2005,
  author = {K. Mitev and G. Todorov and H. J. Bernstein},
  title = {{{CIFFOLD}: Managing Long Lines in {CIF}}},
  booktitle = {XX Congress of the International Union of Crystallography, 23-31
	August 2005, Florence, IT},
  year = {2005},
  volume = {A61 (on-line supplement)},
  pages = {C109},
  journal = {Acta Cryst.},
  owner = {yaya},
  timestamp = {2012.06.15}
}

@INPROCEEDINGS{Ozaki2007,
  author = {Ozaki, S. and Bengtsson, J. and Kramer, SL and Krinsky, S. and Litvinenko,
	VN},
  title = {Philosophy for NSLS-II design with sub-nanometer horizontal emittance},
  booktitle = {Particle Accelerator Conference, 2007. PAC. IEEE},
  year = {2007},
  pages = {77--79},
  organization = {IEEE},
  __markedentry = {[yaya:1]},
  owner = {yaya},
  timestamp = {2012.04.14}
}

@ARTICLE{Preneel2010,
  author = {Preneel, B.},
  title = {The first 30 years of cryptographic hash functions and the NIST SHA-3
	competition},
  journal = {Topics in Cryptology-CT-RSA 2010},
  year = {2010},
  pages = {1 -- 14},
  __markedentry = {[yaya:1]},
  owner = {yaya},
  publisher = {Springer},
  timestamp = {2012.05.04}
}

@INPROCEEDINGS{Rew2004,
  author = {Rew, R.K. and Ucar, B. and Hartnett, EJ},
  title = {Merging netCDF and HDF5},
  booktitle = {20th Int. Conf. on Interactive Information and Processing Systems},
  year = {2004},
  __markedentry = {[yaya:1]},
  owner = {yaya},
  timestamp = {2012.04.16}
}

@MISC{Rivest1992,
  author = {Rivest, R.},
  title = {RFC 1321: The MD5 message-digest algorithm, April 1992},
  year = {1992},
  note = {\url{http://www.ietf.org/rfc/rfc1321.txt}},
  __markedentry = {[yaya:1]},
  journal = {Internet Engineering Task Force (IETF) Request for Comments},
  owner = {yaya},
  timestamp = {2012.05.04}
}

@ARTICLE{Rivest1978,
  author = {Rivest, R.L. and Shamir, A. and Adleman, L.},
  title = {A method for obtaining digital signatures and public-key cryptosystems},
  journal = {Communications of the ACM},
  year = {1978},
  volume = {21},
  pages = {120--126},
  number = {2},
  __markedentry = {[yaya:1]},
  owner = {yaya},
  publisher = {ACM},
  timestamp = {2012.04.15}
}

@UNPUBLISHED{Schneider2012,
  author = {Dieter K. Schneider and Bob M Sweet and John Skinner},
  title = {Projection of {MX ABBIX} needs at {AMX} and {FMX} for Data Acquisition,
	Data Processing, Software, Data Archiving and Networking},
  note = {Private Communication},
  month = {February},
  year = {2012},
  __markedentry = {[yaya:1]},
  owner = {yaya},
  timestamp = {2012.04.14}
}

@INPROCEEDINGS{Thompson2013,
  author = {Thompson, AC and Nix, JC and Achterkirchen, TG and Westbrook, EM},
  title = {Large Format CMOS-based Detectors for Diffraction Studies},
  booktitle = {Journal of Physics: Conference Series},
  year = {2013},
  volume = {425},
  number = {1},
  pages = {012018},
  organization = {IOP Publishing},
  owner = {yaya},
  timestamp = {2013.06.30}
}

@ARTICLE{Trueb2012,
  author = {Trueb, P and Sobott, BA and Schnyder, R and Loeliger, T and Schneebeli,
	M and Kobas, M and Rassool, RP and Peake, DJ and Broennimann, C},
  title = {Improved count rate corrections for highest data quality with PILATUS
	detectors},
  journal = {Journal of Synchrotron Radiation},
  year = {2012},
  volume = {19},
  pages = {347 -- 351},
  number = {3},
  owner = {yaya},
  publisher = {International Union of Crystallography},
  timestamp = {2013.06.30}
}

@ARTICLE{Wang2005,
  author = {Wang, X. and Yu, H.},
  title = {How to break MD5 and other hash functions},
  journal = {Advances in Cryptology--EUROCRYPT 2005},
  year = {2005},
  pages = {561--561},
  __markedentry = {[yaya:1]},
  owner = {yaya},
  publisher = {Springer},
  timestamp = {2012.05.04}
}

@BOOK{Willmott2011,
  title = {An Introduction to Synchrotron Radiation: Techniques and Applications},
  publisher = {John Wiley and Sons},
  year = {2011},
  author = {Phillip Willmott},
  address = {Chichester, UK},
  note = {page 6},
  __markedentry = {[yaya:1]},
  owner = {yaya},
  timestamp = {2012.04.15}
}

@INPROCEEDINGS{Zlateva2010,
  author = {E. Zlateva and H. J. Bernstein},
  title = {Local caching to improve efficiency of CIF DDLm function import references
	in
	
	SBEVSL},
  booktitle = {ACA 2010, American Crystallographic Association meeting, 24 -- 29
	July 2010, Chicago, IL},
  year = {2010},
  owner = {yaya},
  timestamp = {2012.06.15}
}

@comment{jabref-meta: selector_review:}

@comment{jabref-meta: selector_publisher:}

@comment{jabref-meta: selector_author:}

@comment{jabref-meta: selector_journal:}

@comment{jabref-meta: selector_keywords:}

