@PREAMBLE{
 "\providecommand{\noopsort}[1]{}" 
 # "\providecommand{\singleletter}[1]{#1}%" 
}


@ARTICLE{nxold, 
   author       = {M. K\"onnecke and NIAC} ,
   year         = "2006", 
   journal      = "Physica B", 
   volume       = "385-386", 
   pages        = "1343-1345", 
}


@MANUAL{hdf5,
   author = "Hdfgroup",
   title = "HDF-5",
   year = "2014 (accessed July 2014)",
   note  = "\url{http://www.hdfgroup.org/HDF5/}",
}


@ARTICLE{mcstas,
   author       = "P. Willendrup and E. Farhi and K. Lefmann",
   year         = "2004",
   journal      = "Physica B",
   volume       = "350",
   pages        = "735",
}

@BOOK{ITCVG,
   author       = {S.R. Hall and B. McMahon},
   year         = 2006,
   title        = {International Tables for Cystallography Volume G: Definition and exchange of crystallographic data},
   publisher    = {Wiley}
}

@MANUAL{nxman,
   author = "NIAC",
   title = "NeXus Manual",
   year = "2014 (accessed July 2014)",
   note  = "\url{http://download.nexusformat.org/kits/definitions/nexus-manual-3.1.0.tar.gz}",
}

@INCOLLECTION{cbflib,
   author = "H. J. Bernstein and  P. J. Ellis",
   title = "CBFlib: An {ANSI} {C} Library for Manipulating Image Data",
   chapter = "5.6",
   pages = "544 -- 556",
   booktitle = "International Tables For Crystallography",
   volume = "G: Definition and Exchange of Crystallographic Data",
   editor = "S. R. Hall and B. McMahon",
   publisher = "Springer",
   address = "Dordrecht, NL",
   year = "2005",
   note  = "see \url{http://sf.net.projects/cbflib} and \url{http://www.bernstein-plus-sons.com/software/CBF/}",
}


@MANUAL{nxwww,
   author = "NIAC",
   title = "NeXus A common data format for neutron, x-ray and muon science",
   year = "2014 (accessed July 2014)",
   note  = "\url{http://www.nexusformat.org/}",
}

@MANUAL{cansas,
   author = "canSAS",
   title = "Description of the canSAS2012 data format",
   year = "2014 (accessed July 2014)",
   note  = "\url{http://www.cansas.org/formats/canSAS2012/1.0/doc/}",
}

@ARTICLE{muon1,
   author       = "D. Flannery, S.P. Cottrell, P.J.C. King",
   year         = "2003",
   journal      = "Physica B",
   volume       = "326",
   pages        = "238-243",
}
@ARTICLE{muon2,
   author       = "S. P. Cottrell and F.L. Pratt and  A.D. Hillier and P.J.C. King and F. Akeroyd and  A.J. Markvardsen and  N. Draper and Y. Yao and S.J. Blundell",
   year         = "2012",
   journal      = "Physics Procedia",
   volume       = "30",
   pages        = "20-25",
}

@MANUAL{niac,
   author = "NIAC",
   title = "NeXus International Advisory Committee (NIAC)",
   year = "2014 (accessed July 2014)",
   note  = "\url{http://wiki.nexusformat.org/NIAC}",
}

@MANUAL{nxvalidate,
   author = "NIAC",
   title = "NXvalidate: a java GUI tool to validate NeXus data files",
   year = "2014 (accessed July 2014)",
   note  = "\url{https://github.com/nexusformat/code/tree/master/applications/NXvalidate}",
}

@MANUAL{epicsad,
   author = "M. Rivers",
   title = "areaDetector: EPICS software for area detectors",
   year = "2014 (accessed September 2014)",
   note  = "\url{http://cars9.uchicago.edu/software/epics/areaDetector.html}",
}

@MANUAL{hdfview,
   author = {{The~HDF~Group}},
   title = "HDFView",
   year = "2014 (accessed September 2014)",
   note  = "\url{http://www.hdfgroup.org/products/java/hdfview/index.html}",
}
